%YAML 1.1
%TAG !u! tag:unity3d.com,2011:
--- !u!1001 &1462012805787020223
PrefabInstance:
  m_ObjectHideFlags: 0
  serializedVersion: 2
  m_Modification:
    m_TransformParent: {fileID: 3492716785529530409}
    m_Modifications:
    - target: {fileID: -8679921383154817045, guid: 049b2793b0ed84e7c908c7937cc950eb,
        type: 3}
      propertyPath: m_RootOrder
      value: 2
      objectReference: {fileID: 0}
    - target: {fileID: -8679921383154817045, guid: 049b2793b0ed84e7c908c7937cc950eb,
        type: 3}
      propertyPath: m_LocalScale.x
      value: 0.15
      objectReference: {fileID: 0}
    - target: {fileID: -8679921383154817045, guid: 049b2793b0ed84e7c908c7937cc950eb,
        type: 3}
      propertyPath: m_LocalScale.y
      value: 0.1
      objectReference: {fileID: 0}
    - target: {fileID: -8679921383154817045, guid: 049b2793b0ed84e7c908c7937cc950eb,
        type: 3}
      propertyPath: m_LocalScale.z
      value: 0.15
      objectReference: {fileID: 0}
    - target: {fileID: -8679921383154817045, guid: 049b2793b0ed84e7c908c7937cc950eb,
        type: 3}
      propertyPath: m_LocalPosition.x
      value: 0.00015047
      objectReference: {fileID: 0}
    - target: {fileID: -8679921383154817045, guid: 049b2793b0ed84e7c908c7937cc950eb,
        type: 3}
      propertyPath: m_LocalPosition.y
      value: -0.083494
      objectReference: {fileID: 0}
    - target: {fileID: -8679921383154817045, guid: 049b2793b0ed84e7c908c7937cc950eb,
        type: 3}
      propertyPath: m_LocalPosition.z
      value: 0.00015386
      objectReference: {fileID: 0}
    - target: {fileID: -8679921383154817045, guid: 049b2793b0ed84e7c908c7937cc950eb,
        type: 3}
      propertyPath: m_LocalRotation.w
      value: 1
      objectReference: {fileID: 0}
    - target: {fileID: -8679921383154817045, guid: 049b2793b0ed84e7c908c7937cc950eb,
        type: 3}
      propertyPath: m_LocalRotation.x
      value: 0
      objectReference: {fileID: 0}
    - target: {fileID: -8679921383154817045, guid: 049b2793b0ed84e7c908c7937cc950eb,
        type: 3}
      propertyPath: m_LocalRotation.y
      value: 0
      objectReference: {fileID: 0}
    - target: {fileID: -8679921383154817045, guid: 049b2793b0ed84e7c908c7937cc950eb,
        type: 3}
      propertyPath: m_LocalRotation.z
      value: 0
      objectReference: {fileID: 0}
    - target: {fileID: -8679921383154817045, guid: 049b2793b0ed84e7c908c7937cc950eb,
        type: 3}
      propertyPath: m_LocalEulerAnglesHint.x
      value: 0
      objectReference: {fileID: 0}
    - target: {fileID: -8679921383154817045, guid: 049b2793b0ed84e7c908c7937cc950eb,
        type: 3}
      propertyPath: m_LocalEulerAnglesHint.y
      value: 0
      objectReference: {fileID: 0}
    - target: {fileID: -8679921383154817045, guid: 049b2793b0ed84e7c908c7937cc950eb,
        type: 3}
      propertyPath: m_LocalEulerAnglesHint.z
      value: 0
      objectReference: {fileID: 0}
    - target: {fileID: -6706386387785574944, guid: 049b2793b0ed84e7c908c7937cc950eb,
        type: 3}
      propertyPath: m_Layer
      value: 15
      objectReference: {fileID: 0}
    - target: {fileID: -6559482116550443310, guid: 049b2793b0ed84e7c908c7937cc950eb,
        type: 3}
      propertyPath: m_Materials.Array.data[0]
      value: 
      objectReference: {fileID: 2100000, guid: b666f7243485d4c4ba577f1902a440f8, type: 2}
    - target: {fileID: -5515380617252111056, guid: 049b2793b0ed84e7c908c7937cc950eb,
        type: 3}
      propertyPath: m_Layer
      value: 15
      objectReference: {fileID: 0}
    - target: {fileID: -5188332146374378878, guid: 049b2793b0ed84e7c908c7937cc950eb,
        type: 3}
      propertyPath: m_Materials.Array.data[0]
      value: 
      objectReference: {fileID: 2100000, guid: b666f7243485d4c4ba577f1902a440f8, type: 2}
    - target: {fileID: 919132149155446097, guid: 049b2793b0ed84e7c908c7937cc950eb,
        type: 3}
      propertyPath: m_Name
      value: Money_bag
      objectReference: {fileID: 0}
    - target: {fileID: 919132149155446097, guid: 049b2793b0ed84e7c908c7937cc950eb,
        type: 3}
      propertyPath: m_Layer
      value: 15
      objectReference: {fileID: 0}
    - target: {fileID: 5816805777132288423, guid: 049b2793b0ed84e7c908c7937cc950eb,
        type: 3}
      propertyPath: m_Layer
      value: 15
      objectReference: {fileID: 0}
    - target: {fileID: 8113530964813308472, guid: 049b2793b0ed84e7c908c7937cc950eb,
        type: 3}
      propertyPath: m_Materials.Array.data[0]
      value: 
      objectReference: {fileID: 2100000, guid: b666f7243485d4c4ba577f1902a440f8, type: 2}
    m_RemovedComponents: []
  m_SourcePrefab: {fileID: 100100000, guid: 049b2793b0ed84e7c908c7937cc950eb, type: 3}
--- !u!1 &2828104892644398735 stripped
GameObject:
  m_CorrespondingSourceObject: {fileID: -5515380617252111056, guid: 049b2793b0ed84e7c908c7937cc950eb,
    type: 3}
  m_PrefabInstance: {fileID: 1462012805787020223}
  m_PrefabAsset: {fileID: 0}
--- !u!23 &2573045776391115069 stripped
MeshRenderer:
  m_CorrespondingSourceObject: {fileID: -5188332146374378878, guid: 049b2793b0ed84e7c908c7937cc950eb,
    type: 3}
  m_PrefabInstance: {fileID: 1462012805787020223}
  m_PrefabAsset: {fileID: 0}
--- !u!23 &7265169909587741063 stripped
MeshRenderer:
  m_CorrespondingSourceObject: {fileID: 8113530964813308472, guid: 049b2793b0ed84e7c908c7937cc950eb,
    type: 3}
  m_PrefabInstance: {fileID: 1462012805787020223}
  m_PrefabAsset: {fileID: 0}
--- !u!23 &3508890297033184621 stripped
MeshRenderer:
  m_CorrespondingSourceObject: {fileID: -6559482116550443310, guid: 049b2793b0ed84e7c908c7937cc950eb,
    type: 3}
  m_PrefabInstance: {fileID: 1462012805787020223}
  m_PrefabAsset: {fileID: 0}
--- !u!64 &4836127810809823805
MeshCollider:
  m_ObjectHideFlags: 0
  m_CorrespondingSourceObject: {fileID: 0}
  m_PrefabInstance: {fileID: 0}
  m_PrefabAsset: {fileID: 0}
  m_GameObject: {fileID: 2828104892644398735}
  m_Material: {fileID: 0}
  m_IsTrigger: 0
  m_Enabled: 1
  serializedVersion: 4
  m_Convex: 1
  m_CookingOptions: 30
  m_Mesh: {fileID: -4455770869187305524, guid: 049b2793b0ed84e7c908c7937cc950eb, type: 3}
--- !u!1001 &6185222794009404080
PrefabInstance:
  m_ObjectHideFlags: 0
  serializedVersion: 2
  m_Modification:
    m_TransformParent: {fileID: 0}
    m_Modifications:
    - target: {fileID: 304999738078892527, guid: 03e7c4cdc3250a745a48291f58b28331,
        type: 3}
      propertyPath: showInfo
      value: UF_OpenWorld_MoneyBag_Desc
      objectReference: {fileID: 0}
    - target: {fileID: 304999738078892527, guid: 03e7c4cdc3250a745a48291f58b28331,
        type: 3}
      propertyPath: showName
      value: UF_OpenWorld_MoneyBag
      objectReference: {fileID: 0}
    - target: {fileID: 861081719677651821, guid: 03e7c4cdc3250a745a48291f58b28331,
        type: 3}
      propertyPath: m_Name
      value: MoneyBag
      objectReference: {fileID: 0}
    - target: {fileID: 1811544268814257849, guid: 03e7c4cdc3250a745a48291f58b28331,
        type: 3}
      propertyPath: skillChangeColors.Array.size
      value: 3
      objectReference: {fileID: 0}
    - target: {fileID: 1811544268814257849, guid: 03e7c4cdc3250a745a48291f58b28331,
        type: 3}
      propertyPath: skillChangeColors.Array.data[0]
      value: 
      objectReference: {fileID: 2573045776391115069}
    - target: {fileID: 1811544268814257849, guid: 03e7c4cdc3250a745a48291f58b28331,
        type: 3}
      propertyPath: skillChangeColors.Array.data[1]
      value: 
      objectReference: {fileID: 7265169909587741063}
    - target: {fileID: 1811544268814257849, guid: 03e7c4cdc3250a745a48291f58b28331,
        type: 3}
      propertyPath: skillChangeColors.Array.data[2]
      value: 
      objectReference: {fileID: 3508890297033184621}
    - target: {fileID: 2721182167853324177, guid: 03e7c4cdc3250a745a48291f58b28331,
        type: 3}
      propertyPath: showExampleWeaponGizmo
      value: 0
      objectReference: {fileID: 0}
    - target: {fileID: 5263428509812131785, guid: 03e7c4cdc3250a745a48291f58b28331,
        type: 3}
      propertyPath: hitInfo.weightAmongMultiple
      value: 10
      objectReference: {fileID: 0}
    - target: {fileID: 7327018171835894425, guid: 03e7c4cdc3250a745a48291f58b28331,
        type: 3}
      propertyPath: m_RootOrder
      value: 0
      objectReference: {fileID: 0}
    - target: {fileID: 7327018171835894425, guid: 03e7c4cdc3250a745a48291f58b28331,
        type: 3}
      propertyPath: m_LocalPosition.x
      value: 0
      objectReference: {fileID: 0}
    - target: {fileID: 7327018171835894425, guid: 03e7c4cdc3250a745a48291f58b28331,
        type: 3}
      propertyPath: m_LocalPosition.y
      value: 0
      objectReference: {fileID: 0}
    - target: {fileID: 7327018171835894425, guid: 03e7c4cdc3250a745a48291f58b28331,
        type: 3}
      propertyPath: m_LocalPosition.z
      value: 0
      objectReference: {fileID: 0}
    - target: {fileID: 7327018171835894425, guid: 03e7c4cdc3250a745a48291f58b28331,
        type: 3}
      propertyPath: m_LocalRotation.w
      value: 1
      objectReference: {fileID: 0}
    - target: {fileID: 7327018171835894425, guid: 03e7c4cdc3250a745a48291f58b28331,
        type: 3}
      propertyPath: m_LocalRotation.x
      value: 0
      objectReference: {fileID: 0}
    - target: {fileID: 7327018171835894425, guid: 03e7c4cdc3250a745a48291f58b28331,
        type: 3}
      propertyPath: m_LocalRotation.y
      value: 0
      objectReference: {fileID: 0}
    - target: {fileID: 7327018171835894425, guid: 03e7c4cdc3250a745a48291f58b28331,
        type: 3}
      propertyPath: m_LocalRotation.z
      value: 0
      objectReference: {fileID: 0}
    - target: {fileID: 7327018171835894425, guid: 03e7c4cdc3250a745a48291f58b28331,
        type: 3}
      propertyPath: m_LocalEulerAnglesHint.x
      value: 0
      objectReference: {fileID: 0}
    - target: {fileID: 7327018171835894425, guid: 03e7c4cdc3250a745a48291f58b28331,
        type: 3}
      propertyPath: m_LocalEulerAnglesHint.y
      value: 0
      objectReference: {fileID: 0}
    - target: {fileID: 7327018171835894425, guid: 03e7c4cdc3250a745a48291f58b28331,
        type: 3}
      propertyPath: m_LocalEulerAnglesHint.z
      value: 0
      objectReference: {fileID: 0}
    m_RemovedComponents: []
  m_SourcePrefab: {fileID: 100100000, guid: 03e7c4cdc3250a745a48291f58b28331, type: 3}
--- !u!1 &6783967086427007453 stripped
GameObject:
  m_CorrespondingSourceObject: {fileID: 861081719677651821, guid: 03e7c4cdc3250a745a48291f58b28331,
    type: 3}
  m_PrefabInstance: {fileID: 6185222794009404080}
  m_PrefabAsset: {fileID: 0}
--- !u!4 &3492716785529530409 stripped
Transform:
  m_CorrespondingSourceObject: {fileID: 7327018171835894425, guid: 03e7c4cdc3250a745a48291f58b28331,
    type: 3}
  m_PrefabInstance: {fileID: 6185222794009404080}
  m_PrefabAsset: {fileID: 0}
--- !u!114 &8076580996257035553 stripped
MonoBehaviour:
  m_CorrespondingSourceObject: {fileID: 2721182167853324177, guid: 03e7c4cdc3250a745a48291f58b28331,
    type: 3}
  m_PrefabInstance: {fileID: 6185222794009404080}
  m_PrefabAsset: {fileID: 0}
  m_GameObject: {fileID: 6783967086427007453}
  m_Enabled: 1
  m_EditorHideFlags: 0
  m_Script: {fileID: 11500000, guid: a6732c8568d1a624fb2fabf3bc10c587, type: 3}
  m_Name: 
  m_EditorClassIdentifier: 
--- !u!114 &3071490048140728100
MonoBehaviour:
  m_ObjectHideFlags: 0
  m_CorrespondingSourceObject: {fileID: 0}
  m_PrefabInstance: {fileID: 0}
  m_PrefabAsset: {fileID: 0}
  m_GameObject: {fileID: 6783967086427007453}
  m_Enabled: 1
  m_EditorHideFlags: 0
  m_Script: {fileID: 11500000, guid: 1bcfa15fbd2daa143b22ebdd57a0b5b1, type: 3}
  m_Name: 
  m_EditorClassIdentifier: 
  interact: {fileID: 8076580996257035553}
  manaCost: -1
  manaCostOnCharge: -1
  skillDamage: 0
  instantSkill: 0
  skillChargeEndTime: -1
  chargeEffect: 
  chargeEndEffect: 
  chargeSound:
    templateName: 
    soundNames: []
    vol: 0.5
    volRandomRange: 0
    pitchMax: -1
    pitchMin: 0.8
  chargeEndSound:
    templateName: 
    soundNames: []
    vol: 0.5
    volRandomRange: 0
    pitchMax: -1
    pitchMin: 0.8
  activateTime: -1
  activateEffect: 
  dontNeedUpdate: 1
  skillChangeColors: []
  weaponColorField: _EmissionColor
  enableChargeColor: 0
  chargeColor: {r: 0.943, g: 0.952, b: 0.588, a: 1}
  script:
    luaScript: UF_OpenWorld_GainMoneyOnGrabScript
    objList: []
    numberList: []
    stringList: []
